%% This BibTeX bibliography file was created using BibDesk.
%% http://bibdesk.sourceforge.net/
@article{raviart1977primal,
  title={Primal hybrid finite element methods for 2nd order elliptic equations},
  author={P. A. Raviart and J. M. Thomas},
  journal={Mathematics of computation},
  volume={31},
  number={138},
  pages={391-413},
  year={1977}
}

@article{primalDPG,
title = "A primal {DPG} method without a first-order reformulation ",
journal = "Computers and Mathematics with Applications ",
volume = "66",
number = "6",
pages = "1058 - 1064",
year = "2013",
note = "",
issn = "0898-1221",
doi = "http://dx.doi.org/10.1016/j.camwa.2013.06.029",
url = "http://www.sciencedirect.com/science/article/pii/S0898122113004343",
author = "L. Demkowicz and J. Gopalakrishnan"
}


@article{dahmenConvection,
  added-at = {2012-12-07T00:00:00.000+0100},
  author = {W. Dahmen and C. Huang and C. Schwab and G. Welper},
  biburl = {http://www.bibsonomy.org/bibtex/20fcaa4b866391094204a7d9c624bde40/dblp},
  ee = {http://dx.doi.org/10.1137/110823158},
  interhash = {434e81027caac988f6b19f3e4d6ad713},
  intrahash = {0fcaa4b866391094204a7d9c624bde40},
  journal = {SIAM J. Numerical Analysis},
  keywords = {dblp},
  number = 5,
  pages = {2420-2445},
  timestamp = {2012-12-07T00:00:00.000+0100},
  title = {Adaptive {P}etrov-{G}alerkin Methods for First Order Transport Equations.},
  url = {http://dblp.uni-trier.de/db/journals/siamnum/siamnum50.html#DahmenHSW12},
  volume = 50,
  year = 2012
}

@article{penaltyFreeNitsche,
  author    = {E. Burman},
  title     = {A Penalty-Free Nonsymmetric Nitsche-Type Method for the
               Weak Imposition of Boundary Conditions},
  journal   = {SIAM J. Numerical Analysis},
  volume    = {50},
  number    = {4},
  year      = {2012},
  pages     = {1959-1981},
  ee        = {http://dx.doi.org/10.1137/10081784X},
  bibsource = {DBLP, http://dblp.uni-trier.de}
}

@article {FETI1,
author = {C. Farhat and F. Roux},
title = {A method of finite element tearing and interconnecting and its parallel solution algorithm},
journal = {International Journal for Numerical Methods in Engineering},
volume = {32},
number = {6},
publisher = {John Wiley & Sons, Ltd},
issn = {1097-0207},
url = {http://dx.doi.org/10.1002/nme.1620320604},
doi = {10.1002/nme.1620320604},
pages = {1205--1227},
year = {1991},
}

@article{FETI2,
title = "Optimal convergence properties of the {FETI} domain decomposition method ",
journal = "Computer Methods in Applied Mechanics and Engineering ",
volume = "115",
number = "3–4",
pages = "365 - 385",
year = "1994",
note = "",
issn = "0045-7825",
doi = "10.1016/0045-7825(94)90068-X",
url = "http://www.sciencedirect.com/science/article/pii/004578259490068X",
author = "C. Farhat and J. Mandel and F. Roux"
}


@article{NURBSorig,
title = "Isogeometric analysis: {CAD}, finite elements, {NURBS}, exact geometry and mesh refinement ",
journal = "Computer Methods in Applied Mechanics and Engineering ",
volume = "194",
number = "39–41",
pages = "4135 - 4195",
year = "2005",
note = "",
issn = "0045-7825",
doi = "10.1016/j.cma.2004.10.008",
url = "http://www.sciencedirect.com/science/article/pii/S0045782504005171",
author = "T. J. R. Hughes and J.A. Cottrell and Y. Bazilevs",
keywords = "{NURBS}",
keywords = "Finite element analysis",
keywords = "{CAD}",
keywords = "Structural analysis",
keywords = "Fluid dynamics",
keywords = "Mesh refinement",
keywords = "Convergence",
keywords = "Boundary layers",
keywords = "Internal layers",
keywords = "Geometry",
keywords = "Shells",
keywords = "<span style='font-style: italic'>h</span>-refinement",
keywords = "<span style='font-style: italic'>p</span>-refinement",
keywords = "<span style='font-style: italic'>k</span>-refinement "
}


@article{nurbsTrace,
year={2013},
issn={0029-599X},
journal={Numerische Mathematik},
volume={123},
number={2},
doi={10.1007/s00211-012-0484-6},
title={Explicit trace inequalities for isogeometric analysis and parametric hexahedral finite elements},
url={http://dx.doi.org/10.1007/s00211-012-0484-6},
publisher={Springer-Verlag},
keywords={65N30; 65N12},
author={J. A. Evans and T. J. R. Hughes},
pages={259-290},
language={English}
}

@article{Warburton20032765,
title = "On the constants in hp-finite element trace inverse inequalities ",
journal = "Computer Methods in Applied Mechanics and Engineering ",
volume = "192",
number = "25",
pages = "2765 - 2773",
year = "2003",
note = "",
issn = "0045-7825",
doi = "10.1016/S0045-7825(03)00294-9",
url = "http://www.sciencedirect.com/science/article/pii/S0045782503002949",
author = "T. Warburton and J.S. Hesthaven",
keywords = "<span style='font-style: italic'>hp</span>-Finite element",
keywords = "Trace inverse inequality "
}


@phdthesis{Barter,
Author = {G. Barter},
Title = {{S}hock {C}apturing with {PDE}-{B}ased {A}rtificial {V}iscosity for an {A}daptive, {H}igher-{O}rder {D}iscontinuous {G}alerkin {F}inite {E}lement {M}ethod},
School = {Massachusetts Institute of Technology},
Year = {2008},
Type = {{PhD} thesis in {A}eronautics and {A}stronautics},
}

@article{AlmeidaAnisotropy,
title = "Adaptive finite element computational fluid dynamics using an anisotropic error estimator ",
journal = "Computer Methods in Applied Mechanics and Engineering ",
volume = "182",
number = "3–4",
pages = "379 - 400",
year = "2000",
note = "",
issn = "0045-7825",
doi = "10.1016/S0045-7825(99)00200-5",
url = "http://www.sciencedirect.com/science/article/pii/S0045782599002005",
author = "Regina C. Almeida and Raúl A. Feijóo and Augusto C. Galeão and Claudio Padra and Renato S. Silva",
keywords = "Error estimator",
keywords = "Adaptive analysis",
keywords = "Computational fluid dynamics",
keywords = "Finite elements",
keywords = "Mesh generation "
}

@ARTICLE{uzawa,
    author = {R. E. Bank and B. D. Welfert and H. Yserentant},
    title = {A class of iterative Methods For Solving Saddle Point Problems},
    journal = {Numer. Math},
    year = {1990},
    volume = {56},
    pages = {645--666}
}
@book{cottrell2007isogeometric,
  title={Isogeometric analysis and numerical modeling of the fine scales within the variational multiscale method},
  author={J.A. Cottrell},
  year={2007},
  publisher={ProQuest}
}

@TechReport{globalLocalDPG,
 author =       {J. Chan and J. Gopalakrishnan and L. Demkowicz},
 title =        {Global properties of {DPG} test spaces for convection-diffusion problems},
 institution =  {ICES},
 year =         {2013},
 number =       {13-05},
 month =        {February},
 note =         {},
}

@TechReport{overviewDPG,
 author =       {L. Demkowicz and J. Gopalakrishnan},
 title =        {An {O}verview of the {DPG} {M}ethod},
 institution =  {ICES},
 year =         {2013},
 number =       {13-02},
 month =        {January},
 note =         {},
}

@book{brenner2008mathematical,
  title={The Mathematical Theory of Finite Element Methods},
  author={S. C. Brenner and R. Scott},
  isbn={9780387759333},
  lccn={2007939977},
  series={Texts in Applied Mathematics},
  url={http://books.google.com/books?id=ci4c\_R0WKYYC},
  year={2008},
  publisher={Springer}
}

@UNPUBLISHED{shishkinDPG,
   author = "A. Niemi and N. Collier and V. Calo",
   title = "Automatically {S}table {D}iscontinuous {P}etrov-{G}alerkin {M}ethods for {S}tationary {T}ransport {P}roblems: {Q}uasi-{O}ptimal {T}est {S}pace {N}orm",
   note = "arXiv:1201.1847 [math.NA], submitted to CAMWA",
   month = jan,
   year = 2012
   }

@article{SchwabBoundaryLayers,
 author = {C. Schwab and M. Suri},
 title = {The p and hp versions of the finite element method for problems with boundary layers},
 journal = {Math. Comput.},
 issue_date = {Oct. 1996},
 volume = {65},
 number = {216},
 month = oct,
 year = {1996},
 issn = {0025-5718},
 pages = {1403--1429},
 numpages = {27},
 url = {http://dx.doi.org/10.1090/S0025-5718-96-00781-8},
 doi = {10.1090/S0025-5718-96-00781-8},
 acmid = {244360},
 publisher = {American Mathematical Society},
 address = {Boston, MA, USA},
} 

@article{VMS1,
title = "Multiscale phenomena: Green's functions, the Dirichlet-to-Neumann formulation, subgrid scale models, bubbles and the origins of stabilized methods ",
journal = "Computer Methods in Applied Mechanics and Engineering ",
volume = "127",
number = "1-4",
pages = "387 - 401",
year = "1995",
note = "",
issn = "0045-7825",
doi = "10.1016/0045-7825(95)00844-9",
url = "http://www.sciencedirect.com/science/article/pii/0045782595008449",
author = "T. J. R. Hughes"
}

@article{VMS2,
title = "The variational multiscale method -- a paradigm for computational mechanics ",
journal = "Computer Methods in Applied Mechanics and Engineering ",
volume = "166",
number = "1-2",
pages = "3 - 24",
year = "1998",
note = "Advances in Stabilized Methods in Computational Mechanics",
issn = "0045-7825",
doi = "10.1016/S0045-7825(98)00079-6",
url = "http://www.sciencedirect.com/science/article/pii/S0045782598000796",
author = "T. J. R. Hughes and G. R. Feijoo and L. Mazzei and J. Quincy"
}


@article{HughesVMS,
 author = {T. J. R. Hughes and G. Sangalli},
 title = {Variational {M}ultiscale {A}nalysis: the {F}ine-scale {G}reen's {F}unction, {P}rojection, {O}ptimization, {L}ocalization, and {S}tabilized {M}ethods},
 journal = {SIAM J. Numer. Anal.},
 issue_date = {February 2007},
 volume = {45},
 number = {2},
 month = feb,
 year = {2007},
 issn = {0036-1429},
 pages = {539--557},
 numpages = {19},
 url = {http://dx.doi.org/10.1137/050645646},
 doi = {10.1137/050645646},
 acmid = {1272810},
 publisher = {Society for Industrial and Applied Mathematics},
 address = {Philadelphia, PA, USA},
 keywords = {advection-diffusion, multiscale},
} 


@book{LoggMardalEtAl2012a,
  title = {Automated Solution of Differential Equations by the Finite Element Method},
  author = {A. Logg and K. A. Mardal and G. N. Wells and others},
  year = {2012},
  publisher = {Springer},
  doi = {10.1007/978-3-642-23099-8},
  isbn = {978-3-642-23098-1},
}

@TechReport{DPGrobustness2,
 author =       {J. Chan and N. Heuer and T. Bui-Thanh and L. Demkowicz},
 title =        {Robust {DPG} Method for
Convection-dominated Diffusion Problems {II}: {A} natural inflow condition},
 institution =  {ICES},
 year =         {2012},
 number =       {21},
 month =        {June},
 note =         {submitted to Comput. Math. Appl.},
}

@TechReport{ChanHeuerBui-ThanhDemkowicz12,
 author =       {J. Chan and N. Heuer and T. Bui-Thanh and L. Demkowicz},
 title =        {Robust {DPG} Method for
Convection-dominated Diffusion Problems {II}: {A} natural inflow condition},
 institution =  {ICES},
 year =         {2012},
 number =       {21},
 month =        {June},
 note =         {submitted to Comput. Math. Appl.},
}

@TechReport{broersenStevenson,
 author =       {D. Broerson and R. Stevenson},
 title =        {A {P}etrov-{G}alerkin discretization with optimal test space of a mild-weak formulation of convection-diffusion equations in mixed form},
 institution =  {Korteweg-de Vries Institute for Mathematics},
 year =         {2012},
 month =        {November},
 note =         {Submitted},
}

@article{DahmenVariationalStabilization,
title =  "Adaptivity and variational stabilization for convection-diffusion equations.",
journal = "{ESAIM}: Mathematical Modelling and Numerical Analysis",
volume = "46",
number = "5",
pages = "1247-1273",
doi = "doi:10.1051/m2an/2012003",
year = "2012",
author = "A. Cohen and W. Dahmen and G. Welper"
}

@article{Demkowicz1986188,
title = "An adaptive characteristic {P}etrov-{G}alerkin finite element method for convection-dominated linear and nonlinear parabolic problems in one space variable",
journal = "Journal of Computational Physics",
volume = "67",
number = "1",
pages = "188 - 213",
year = "1986",
note = "",
issn = "0021-9991",
doi = "10.1016/0021-9991(86)90121-X",
url = "http://www.sciencedirect.com/science/article/pii/002199918690121X",
author = "L. Demkowicz and J.T Oden"
}

@article{BARRETT01101981,
author = {J. Barrett and K. Morton}, 
title = {Optimal {P}etrov—{G}alerkin Methods through Approximate Symmetrization}, 
volume = {1}, 
number = {4}, 
pages = {439-468}, 
year = {1981}, 
doi = {10.1093/imanum/1.4.439}, 
abstract ={A technique of approximate symmetrization is used to derive a test space from a given trial space for a Petrov—Galerkin method. This is applied to one-dimensional diffusion—convection problems to give approximations which are near optimal in an energy norm. Rigorous and precise error bounds are derived to demonstrate the uniformly good behaviour and near optimality of the procedure over all values of the mesh Péclet number.}, 
URL = {http://imajna.oxfordjournals.org/content/1/4/439.abstract}, 
eprint = {http://imajna.oxfordjournals.org/content/1/4/439.full.pdf+html}, 
journal = {IMA Journal of Numerical Analysis} 
}

@article{johnsonCrosswind,
author = {C. Johnson and A. H. Schatz and L. B. Wahlbin},
title = {{Crosswind Smear and Pointwise Errors in Streamline Diffusion Finite Element Methods}},
journal = {Mathematics of Computation},
volume = {49},
year = {1987},
issue = {179},
doi = {10.2307/2008248},
masid = {15266104}
}

@article{stynesSUPG,
 author = {M. Stynes},
 title = {Convection-diffusion problems, {SDFEM/SUPG} and a priori meshes},
 journal = {Int. J. Comput. Sci. Math.},
 issue_date = {January 2007},
 volume = {1},
 number = {2-4},
 month = jan,
 year = {2007},
 issn = {1752-5055},
 pages = {412--431},
 numpages = {20},
 url = {http://dx.doi.org/10.1504/IJCSM.2007.016543},
 doi = {10.1504/IJCSM.2007.016543},
 acmid = {1360397},
 publisher = {Inderscience Publishers},
 address = {Inderscience Publishers, Geneva, SWITZERLAND},
 keywords = {SDFEM, SUPG, Shishkin meshes, boundary layers, convection\&\#45;diffusion, finite element method, interior layers, streamline diffusion FEM},
} 


@book{roos2008robust,
  title={Robust numerical methods for singularly perturbed differential equations: convection-diffusion-reaction and flow problems},
  author={H. Roos and M. Stynes and L. Tobiska},
  isbn={9783540344667},
  lccn={2008930796},
  series={Springer series in computational mathematics},
  url={http://books.google.com/books?id=tdnw1p2JoEIC},
  year={2008},
  publisher={Springer}
}

@ARTICLE{Hesthaven96astable,
    author = {J. Hesthaven}, 
    title = {A Stable Penalty Method For The Compressible {N}avier-{S}tokes Equations. III. Multi Dimensional Domain Decomposition Schemes.},
    journal = {SIAM J. Sci. Comput},
    year = {1996},
    volume = {17},
    pages = {579--612}
}

@techreport{BabuskaEquivBrezzi,
  Author = {L. Demkowicz},
  Title = {{B}abuska $<=>$ {B}rezzi?},
  Number = {06-08},
  Institution = {ICES},
  Year = {2006}}

@ARTICLE{Bui-ThanhDemkowiczGhattas11b,
  Author = {T. Bui-Thanh and L. Demkowicz and O. Ghattas},
  title = {A Unified Discontinuous {P}etrov-{G}alerkin Method and its Analysis
	for {F}riedrichs' Systems},
  journal = {Submitted to SIAM J. Numer. Anal.},
  year = {2011},
  note = {Also ICES report ICES-11-34, November 2011.},
  owner = {ccgo},
  timestamp = {2011.11.08}
}
  
@techreport{DPGrobustness,
  Author = {L. Demkowicz and N. Heuer},
  Title = {{R}obust {DPG} method for convection-dominated diffusion problems},
  Number = {11-33},
  Institution = {ICES},
  Year = {2011}}

@techreport{Camellia,
	Author = {N. Roberts  and D. Ridzal  and P. Bochev and L. Demkowicz},
	Date-Added = {2011-12-08 22:12:07 +0000},
	Date-Modified = {2011-12-08 22:13:52 +0000},
	Institution = {Sandia National Laboratories},
	Number = {SAND2011-6678},
	Title = {{A Toolbox for a Class of Discontinuous Petrov-Galerkin Methods Using Trilinos}},
	Url = {https://cfwebprod.sandia.gov/cfdocs/CCIM/docs/Roberts_et_al_SAND2011-6678.pdf},
	Year = 2011}

@article{GLS,
	Author = {T. J. R. Hughes and L. Franca and G. Hulbert},
	Journal = {Comp. Meth. Appl. Mech. Engr},
	Pages = {173-189},
	Title = {{A} new finite element formulation for computational fluid dynamics: {VIII}. {T}he {G}alerkin/least-squares method for advective-diffusive equations},
	Volume = {73},
	Year = {1989}}

@article{SUPG,
	Author = {A. Brooks and T. J. R. Hughes},
	Journal = {Comp. Meth. Appl. Mech. Engr},
	Pages = {199-259},
	Title = {{S}treamline upwind/{P}etrov-{G}alerkin formulations for convection dominated flows with particular emphasis on the incompressible {N}avier-{S}tokes equations},
	Volume = {32},
	Year = {1982}}
	
@article{DPG2,
	Author = {L. Demkowicz and J. Gopalakrishnan},
	Journal = {Num. Meth. for Partial Diff. Eq},	
	Pages = {70-105},
	Title = {A class of discontinuous {P}etrov-{G}alerkin methods. II. {O}ptimal test functions},
	Volume = {27},
	Year = {2011}}

@article{DPG3pub,
 author = {L. Demkowicz and J. Gopalakrishnan and A. Niemi},
 title = {A class of discontinuous {P}etrov-{G}alerkin methods. {P}art {III}: {A}daptivity},
 journal = {Appl. Numer. Math.},
 issue_date = {April, 2012},
 volume = {62},
 number = {4},
 month = apr,
 year = {2012},
 issn = {0168-9274},
 pages = {396--427},
 numpages = {32},
 url = {http://dx.doi.org/10.1016/j.apnum.2011.09.002},
 doi = {10.1016/j.apnum.2011.09.002},
 acmid = {2151463},
 publisher = {Elsevier Science Publishers B. V.},
 address = {Amsterdam, The Netherlands, The Netherlands},
 keywords = {Convection-dominated diffusion, Discontinuous Petrov-Galerkin, hp-Adaptivity},
} 

@techreport{DPG3,
	Author = {L. Demkowicz and J. Gopalakrishnan and A. Niemi},
	Institution = {ICES},
	Number = {10-01},
	Title = {A class of discontinuous {P}etrov-{G}alerkin methods. {III}. {A}daptivity},
	Year = 2010}

@article{DBLP:journals/procedia/NiemiCC11,
	Author = {A. Niemi and N. Collier and V. Calo},
	Bibsource = {DBLP, http://dblp.uni-trier.de},
	Ee = {http://dx.doi.org/10.1016/j.procs.2011.04.202},
	Journal = {Procedia CS},
	Pages = {1862-1869},
	Title = {{Discontinuous} {Petrov-Galerkin} method based on the optimal test space norm for one-dimensional transport problems},
	Volume = {4},
	Year = {2011}}

@techreport{analysisDPGtech,
	Author = {L. Demkowicz and J. Gopalakrishnan},
	Institution = {ICES},
	Number = {10-37},
	Title = {An analysis of the {DPG} method for the {P}oisson equation},
	Year = 2010}

@article{analysisDPG,
 author = {L. Demkowicz and J. Gopalakrishnan},
 title = {Analysis of the {DPG} Method for the {P}oisson Equation},
 journal = {SIAM J. Numer. Anal.},
 issue_date = {September 2011},
 volume = {49},
 number = {5},
 month = sep,
 year = {2011},
 issn = {0036-1429},
 pages = {1788--1809},
 numpages = {22},
 url = {http://dx.doi.org/10.1137/100809799},
 doi = {10.1137/100809799},
 acmid = {2079122},
 publisher = {Society for Industrial and Applied Mathematics},
 address = {Philadelphia, PA, USA},
 keywords = {\$hp\$, Helmholtz decomposition, adaptive, convection-diffusion, discontinuous Galerkin, discontinuous Petrov-Galerkin method, finite element method},
} 

@techreport{practicalDPG,
	Author = {J. Gopalakrishnan and W. Qiu},
	Institution = {IMA},
	Note = {submitted},
	Title = {An analysis of the practical {DPG} method},
	Year = 2011}

@article{DPG1,
	Author = {L. Demkowicz and J. Gopalakrishnan},
	Journal = {Comput. Methods Appl. Mech. Engrg.},
	Note = {accepted, see also ICES Report 2009-12},
	Title = {A Class of Discontinuous {Petrov-Galerkin} Methods. {Part I}: The Transport Equation},
	Year = {2009}}

@article{DPG4,
title = {A class of discontinuous {P}etrov–{G}alerkin methods. {P}art {IV}: The optimal test norm and time-harmonic wave propagation in 1{D}},
journal = "Journal of Computational Physics",
volume = "230",
number = "7",
pages = "2406 - 2432",
year = "2011",
note = "",
issn = "0021-9991",
doi = "10.1016/j.jcp.2010.12.001",
url = "http://www.sciencedirect.com/science/article/pii/S0021999110006649",
author = "J. Zitelli and I. Muga and L. Demkowicz and J. Gopalakrishnan and D. Pardo and V.M. Calo",
keywords = "Time harmonic",
keywords = "Wave propagation",
keywords = "Helmholtz",
keywords = "DPG",
keywords = "Discontinuous Petrov Galerkin",
keywords = "Robustness",
keywords = "Phase error",
keywords = "Dispersion",
keywords = "High frequency"
}

@article{DPGElas,
title = "{D}iscontinuous {P}etrov–{G}alerkin method with optimal test functions for thin-body problems in solid mechanics",
journal = "Computer Methods in Applied Mechanics and Engineering",
volume = "200",
number = "9–12",
pages = "1291 - 1300",
year = "2011",
note = "",
issn = "0045-7825",
doi = "10.1016/j.cma.2010.10.018",
url = "http://www.sciencedirect.com/science/article/pii/S0045782510002963",
author = "A. H. Niemi and J. A. Bramwell and L. F. Demkowicz",
keywords = "Thin structures",
keywords = "<span style='font-style: italic'>hp</span>-Adaptivity",
keywords = "Discontinuous Petrov–Galerkin"
}

@article{REFTREE,
	Author = {W.F. Mitchell},
	Issue = {4},
	Journal = {Journal of Parallel and Distributed Computing},
	Pages = {417-429},
	Title = {A Refinement-tree Based Partitioning Method for Dynamic Load Balancing with Adaptively Refined Grids},
	Volume = {67},
	Year = {2007}}
	
@ARTICLE{Bui-ThanhDemkowiczGhattas11a,
  author = {T. Bui-Thanh and Leszek Demkowicz and Omar Ghattas},
  title = {Constructively well-posed approximation method with unity inf-sup
	and continuity constants for partial differential equations},
  journal = {Mathematics of Computation},
  year = {2011},
  note = {To appear},
  owner = {ccgo},
  timestamp = {2011.06.19}
}

@book{demkowicz2006computing,
  title={Computing With hp-adaptive Finite Elements: One and two dimensional elliptic and Maxwell problems},
  author={L. Demkowicz},
  isbn={9781584886716},
  lccn={2006049231},
  series={Chapman \& Hall/CRC Applied Mathematics and Nonlinear Science Series},
  url={http://books.google.com/books?id=Xc3yGiekgEUC},
  year={2006},
  publisher={Chapman \& Hall/CRC}
}

@techreport{stokesDPG,
   author = {{N}. {R}oberts and {T}. {B}ui-{T}hanh and {L}. {D}emkowicz},
   title = {The {DPG} method for the {S}tokes problem},
   institution = {ICES},
   number = {12-22},
   month = jun,
   year = 2012
}
@techreport{maxwellDPG,
   author = {{L}. {D}emkowicz and {J}. Li},
   title = {Numerical Simulations of Cloaking Problems using a {DPG} method},
   institution = {ICES},
   number = {11-31},
   month = oct,
   year = 2011
}

@article{Eriksson1993,
   jstor_articletype = {research-article},
   title = {Adaptive Streamline Diffusion Finite Element Methods for Stationary Convection-Diffusion Problems},
   author = {K. Eriksson and C. Johnson},
   journal = {Mathematics of Computation},
   jstor_issuetitle = {},
   volume = {60},
   number = {201},
   jstor_formatteddate = {Jan., 1993},
   pages = {pp. 167-188},
   url = {http://www.jstor.org/stable/2153160},
   ISSN = {00255718},
   abstract = {Adaptive finite element methods for stationary convection-diffusion problems are designed and analyzed. The underlying discretization scheme is the Shock-capturing Streamline Diffusion method. The adaptive algorithms proposed are based on a posteriori error estimates for this method leading to reliable methods in the sense that the desired error control is guaranteed. A priori error estimates are used to show that the algorithms are efficient in a certain sense.},
   language = {English},
   year = {1993},
   publisher = {American Mathematical Society},
   copyright = {Copyright © 1993 American Mathematical Society},
}